<record><leader>00000cas a2200000 a 4500</leader><controlfield tag="001">19134056</controlfield><controlfield tag="008">890210d1886189utnuwr ne      0    0eng d</controlfield><datafield ind1=" " ind2=" " tag="010"><subfield code="a">sn 89058243 </subfield></datafield><datafield ind1=" " ind2=" " tag="040"><subfield code="a">KNP</subfield><subfield code="b">eng</subfield><subfield code="c">KNP</subfield><subfield code="d">TGN</subfield><subfield code="d">OCL</subfield><subfield code="d">OCLCQ</subfield><subfield code="d">OCLCF</subfield><subfield code="d">OCLCO</subfield></datafield><datafield ind1=" " ind2=" " tag="042"><subfield code="a">msc</subfield></datafield><datafield ind1=" " ind2=" " tag="043"><subfield code="a">n-us-tn</subfield></datafield><datafield ind1="0" ind2=" " tag="130"><subfield code="a">Rockwood times (Rockwood, Tenn. : 1886)</subfield></datafield><datafield ind1="1" ind2="0" tag="245"><subfield code="a">Rockwood times.</subfield></datafield><datafield ind1=" " ind2=" " tag="260"><subfield code="a">Rockwood, Tenn. :</subfield><subfield code="b">D.M. Coffman</subfield></datafield><datafield ind1=" " ind2=" " tag="300"><subfield code="a">v. :</subfield><subfield code="b">ill.</subfield></datafield><datafield ind1=" " ind2=" " tag="310"><subfield code="a">Weekly</subfield></datafield><datafield ind1="1" ind2=" " tag="362"><subfield code="a">Began in 1886?</subfield></datafield><datafield ind1=" " ind2=" " tag="500"><subfield code="a">Editor: D.M. Coffman, &lt;1887-1895&gt;</subfield></datafield><datafield ind1=" " ind2=" " tag="580"><subfield code="a">Merged with: Roane County republican, to form: Times-republican (Rockwood, Tenn.).</subfield></datafield><datafield ind1=" " ind2=" " tag="588"><subfield code="a">Description based on: Vol. 1, no. 46 (Sept. 10, 1887).</subfield></datafield><datafield ind1=" " ind2="0" tag="651"><subfield code="a">Rockwood (Tenn.)</subfield><subfield code="v">Newspapers.</subfield></datafield><datafield ind1=" " ind2="0" tag="651"><subfield code="a">Roane County (Tenn.)</subfield><subfield code="v">Newspapers.</subfield></datafield><datafield ind1=" " ind2="7" tag="655"><subfield code="a">Newspapers.</subfield><subfield code="2">fast</subfield><subfield code="0">(OCoLC)fst01423814</subfield></datafield><datafield ind1=" " ind2="7" tag="651"><subfield code="a">Tennessee</subfield><subfield code="z">Roane County.</subfield><subfield code="2">fast</subfield><subfield code="0">(OCoLC)fst01223283</subfield></datafield><datafield ind1=" " ind2="7" tag="651"><subfield code="a">Tennessee</subfield><subfield code="z">Rockwood.</subfield><subfield code="2">fast</subfield><subfield code="0">(OCoLC)fst01228853</subfield></datafield><datafield ind1=" " ind2=" " tag="752"><subfield code="a">United States</subfield><subfield code="b">Tennessee</subfield><subfield code="c">Roane</subfield><subfield code="d">Rockwood.</subfield></datafield><datafield ind1="1" ind2="7" tag="785"><subfield code="t">Roane County republican</subfield><subfield code="w">(DLC)sn 89058138</subfield></datafield><datafield ind1="1" ind2="7" tag="785"><subfield code="t">Times-republican (Rockwood, Tenn.)</subfield><subfield code="w">(DLC)sn 89058244</subfield></datafield></record>